<record><leader>00000cas a2200000 a 4500</leader><controlfield tag="001">47848624</controlfield><controlfield tag="008">010827d18901958miuwr n       0    0eng c</controlfield><datafield ind1=" " ind2=" " tag="010"><subfield code="a">sn2001061759</subfield></datafield><datafield ind1=" " ind2=" " tag="040"><subfield code="a">MHN</subfield><subfield code="b">eng</subfield><subfield code="c">MHN</subfield><subfield code="d">OCLCQ</subfield><subfield code="d">OCLCO</subfield></datafield><datafield ind1="1" ind2=" " tag="029"><subfield code="a">AU@</subfield><subfield code="b">000022935363</subfield></datafield><datafield ind1=" " ind2=" " tag="042"><subfield code="a">pcc</subfield></datafield><datafield ind1=" " ind2=" " tag="043"><subfield code="a">n-us-mi</subfield></datafield><datafield ind1="0" ind2="4" tag="245"><subfield code="a">The Sebewaing blade.</subfield></datafield><datafield ind1="1" ind2="3" tag="246"><subfield code="a">Sebewaing mining blade</subfield></datafield><datafield ind1=" " ind2=" " tag="260"><subfield code="a">Sebewaing, Mich. :</subfield><subfield code="b">Egabroad Bros.</subfield></datafield><datafield ind1=" " ind2=" " tag="300"><subfield code="a">v.</subfield></datafield><datafield ind1=" " ind2=" " tag="310"><subfield code="a">Weekly</subfield></datafield><datafield ind1="1" ind2=" " tag="362"><subfield code="a">Began in 1890. Cease in 1958.</subfield></datafield><datafield ind1=" " ind2=" " tag="500"><subfield code="a">Publishers: Otto Spriess &lt;1901&gt;, Theodore A. Hartman &lt;1947&gt;.</subfield></datafield><datafield ind1=" " ind2=" " tag="588"><subfield code="a">Description based on: Vol. 10, no. 24 (Jan. 6, 1900).</subfield></datafield><datafield ind1=" " ind2="0" tag="651"><subfield code="a">Sebewaing (Mich.)</subfield><subfield code="v">Newspapers.</subfield></datafield><datafield ind1=" " ind2="0" tag="651"><subfield code="a">Huron County (Mich.)</subfield><subfield code="v">Newspapers.</subfield></datafield><datafield ind1=" " ind2=" " tag="752"><subfield code="a">United States</subfield><subfield code="b">Michigan</subfield><subfield code="c">Huron</subfield><subfield code="d">Sebewaing.</subfield></datafield><datafield ind1="0" ind2="7" tag="785"><subfield code="t">Unionville crescent</subfield><subfield code="w">(DLC)sn2001061758</subfield><subfield code="w">(OCoLC)47848478</subfield></datafield><datafield ind1="0" ind2="7" tag="785"><subfield code="t">Sebewaing blade and Unionville crescent</subfield><subfield code="w">(DLC)sn2001061760</subfield><subfield code="w">(OCoLC)47848694</subfield></datafield></record>